[gd_scene load_steps=45 format=2]

[ext_resource path="res://Main.gd" type="Script" id=1]
[ext_resource path="res://Snack.gd" type="Script" id=2]
[ext_resource path="res://Art/Sprites/Sprites.png" type="Texture" id=3]
[ext_resource path="res://Sprite.gd" type="Script" id=4]
[ext_resource path="res://pixel_operator_8.tres" type="DynamicFont" id=5]
[ext_resource path="res://Score.gd" type="Script" id=6]
[ext_resource path="res://fonts/pixel-operator/PixelOperator8.ttf" type="DynamicFontData" id=7]
[ext_resource path="res://scoreTitle.gd" type="Script" id=8]
[ext_resource path="res://Art/Sprites/Upgrades Tab.png" type="Texture" id=9]
[ext_resource path="res://drawer.gd" type="Script" id=10]
[ext_resource path="res://Art/Sprites/Buttons.png" type="Texture" id=11]
[ext_resource path="res://upgradeClick.gd" type="Script" id=12]
[ext_resource path="res://Art/Sprites/Progress Bar.png" type="Texture" id=13]
[ext_resource path="res://upgradeAutoClick.gd" type="Script" id=14]
[ext_resource path="res://resetButton.gd" type="Script" id=15]
[ext_resource path="res://autoMultiplier.gd" type="Script" id=16]
[ext_resource path="res://ConfirmPopup.gd" type="Script" id=17]
[ext_resource path="res://Art/Sprites/Popup.png" type="Texture" id=18]
[ext_resource path="res://Art/Sprites/Popup Buttons.png" type="Texture" id=19]
[ext_resource path="res://Button.gd" type="Script" id=20]
[ext_resource path="res://currentMultiplier.gd" type="Script" id=21]

[sub_resource type="CircleShape2D" id=1]

[sub_resource type="Animation" id=2]
resource_name = "click"
length = 0.2
step = 0.05
tracks/0/type = "value"
tracks/0/path = NodePath(".:scale")
tracks/0/interp = 1
tracks/0/loop_wrap = true
tracks/0/imported = false
tracks/0/enabled = true
tracks/0/keys = {
"times": PoolRealArray( 0, 0.05, 0.2 ),
"transitions": PoolRealArray( 1, 1, 1 ),
"update": 0,
"values": [ Vector2( 1, 1 ), Vector2( 1.15, 1.15 ), Vector2( 1, 1 ) ]
}

[sub_resource type="DynamicFont" id=3]
size = 8
font_data = ExtResource( 7 )

[sub_resource type="AtlasTexture" id=4]
atlas = ExtResource( 11 )
region = Rect2( 1, 41, 30, 14 )

[sub_resource type="AtlasTexture" id=5]
atlas = ExtResource( 11 )
region = Rect2( 33, 41, 30, 14 )

[sub_resource type="AtlasTexture" id=6]
atlas = ExtResource( 11 )
region = Rect2( 33, 41, 30, 14 )

[sub_resource type="AtlasTexture" id=7]
atlas = ExtResource( 11 )
region = Rect2( 1, 9, 30, 14 )

[sub_resource type="AtlasTexture" id=8]
atlas = ExtResource( 11 )
region = Rect2( 33, 9, 30, 14 )

[sub_resource type="AtlasTexture" id=9]
atlas = ExtResource( 11 )
region = Rect2( 33, 9, 30, 14 )

[sub_resource type="AtlasTexture" id=10]
atlas = ExtResource( 11 )
region = Rect2( 1, 74, 30, 12 )

[sub_resource type="AtlasTexture" id=11]
atlas = ExtResource( 11 )
region = Rect2( 33, 74, 30, 12 )

[sub_resource type="AtlasTexture" id=12]
atlas = ExtResource( 11 )
region = Rect2( 33, 74, 30, 12 )

[sub_resource type="DynamicFont" id=13]
size = 8
extra_spacing_char = -1
font_data = ExtResource( 7 )

[sub_resource type="DynamicFont" id=14]
size = 8
extra_spacing_char = -1
font_data = ExtResource( 7 )

[sub_resource type="DynamicFont" id=15]
size = 8
extra_spacing_char = -1
font_data = ExtResource( 7 )

[sub_resource type="Animation" id=16]
length = 0.5
tracks/0/type = "value"
tracks/0/path = NodePath(".:position")
tracks/0/interp = 1
tracks/0/loop_wrap = true
tracks/0/imported = false
tracks/0/enabled = true
tracks/0/keys = {
"times": PoolRealArray( 0, 0.5 ),
"transitions": PoolRealArray( -3.24901, 1 ),
"update": 0,
"values": [ Vector2( 32, 82 ), Vector2( 32, 129 ) ]
}
tracks/1/type = "value"
tracks/1/path = NodePath(".:frame")
tracks/1/interp = 1
tracks/1/loop_wrap = true
tracks/1/imported = false
tracks/1/enabled = true
tracks/1/keys = {
"times": PoolRealArray( 0, 0.2, 0.4 ),
"transitions": PoolRealArray( 1, 1, 1 ),
"update": 0,
"values": [ 0, 1, 2 ]
}

[sub_resource type="Animation" id=17]
length = 0.5
tracks/0/type = "value"
tracks/0/path = NodePath(".:position")
tracks/0/interp = 1
tracks/0/loop_wrap = true
tracks/0/imported = false
tracks/0/enabled = true
tracks/0/keys = {
"times": PoolRealArray( 0, 0.5 ),
"transitions": PoolRealArray( -3.24901, 1 ),
"update": 0,
"values": [ Vector2( 32, 129 ), Vector2( 32, 82 ) ]
}
tracks/1/type = "value"
tracks/1/path = NodePath(".:frame")
tracks/1/interp = 1
tracks/1/loop_wrap = true
tracks/1/imported = false
tracks/1/enabled = true
tracks/1/keys = {
"times": PoolRealArray( 0, 0.2, 0.4 ),
"transitions": PoolRealArray( 1, 1, 1 ),
"update": 0,
"values": [ 2, 1, 0 ]
}

[sub_resource type="AtlasTexture" id=18]
atlas = ExtResource( 19 )
region = Rect2( 0, 0, 23, 11 )

[sub_resource type="AtlasTexture" id=19]
atlas = ExtResource( 19 )
region = Rect2( 23, 0, 23, 11 )

[sub_resource type="AtlasTexture" id=20]
atlas = ExtResource( 19 )
region = Rect2( 0, 11, 23, 11 )

[sub_resource type="AtlasTexture" id=21]
atlas = ExtResource( 19 )
region = Rect2( 23, 11, 23, 11 )

[sub_resource type="DynamicFont" id=22]
size = 8
extra_spacing_char = -1
font_data = ExtResource( 7 )

[sub_resource type="DynamicFont" id=23]
size = 8
extra_spacing_char = -1
font_data = ExtResource( 7 )

[node name="Scene" type="Node2D"]
script = ExtResource( 1 )

[node name="Snack" type="Area2D" parent="."]
position = Vector2( 32, 50 )
script = ExtResource( 2 )

[node name="CollisionShape2D" type="CollisionShape2D" parent="Snack"]
shape = SubResource( 1 )

[node name="AnimationPlayer" type="AnimationPlayer" parent="Snack"]
anims/click = SubResource( 2 )

[node name="Sprite" type="Sprite" parent="Snack"]
texture = ExtResource( 3 )
vframes = 5
hframes = 5
script = ExtResource( 4 )

[node name="Score" type="Label" parent="."]
margin_top = 3.0
margin_right = 64.0
margin_bottom = 19.0
custom_fonts/font = ExtResource( 5 )
text = "0"
align = 1
script = ExtResource( 6 )

[node name="scoreTitle" type="Label" parent="."]
margin_top = 20.0
margin_right = 64.0
margin_bottom = 28.0
custom_fonts/font = SubResource( 3 )
text = "kcal"
align = 1
script = ExtResource( 8 )

[node name="drawer" type="Sprite" parent="."]
position = Vector2( 32, 129 )
texture = ExtResource( 9 )
hframes = 3
frame = 2
script = ExtResource( 10 )

[node name="upgradeClick" type="TextureButton" parent="drawer"]
editor/display_folded = true
margin_left = -31.0
margin_top = -11.0
margin_right = -1.0
margin_bottom = 3.0
disabled = true
texture_normal = SubResource( 4 )
texture_pressed = SubResource( 5 )
texture_disabled = SubResource( 6 )
script = ExtResource( 12 )

[node name="progress" type="Sprite" parent="drawer/upgradeClick"]
position = Vector2( 15, 11.5 )
texture = ExtResource( 13 )
vframes = 10

[node name="upgradeAutoClick" type="TextureButton" parent="drawer"]
editor/display_folded = true
margin_left = -31.0
margin_top = 4.0
margin_right = -1.0
margin_bottom = 18.0
disabled = true
texture_normal = SubResource( 7 )
texture_pressed = SubResource( 8 )
texture_disabled = SubResource( 9 )
script = ExtResource( 14 )

[node name="progress" type="Sprite" parent="drawer/upgradeAutoClick"]
position = Vector2( 15, 11.5 )
texture = ExtResource( 13 )
vframes = 10

[node name="resetButton" type="TextureButton" parent="drawer"]
margin_left = -31.0
margin_top = 19.0
margin_right = -1.0
margin_bottom = 31.0
texture_normal = SubResource( 10 )
texture_pressed = SubResource( 11 )
texture_disabled = SubResource( 12 )
script = ExtResource( 15 )

[node name="clickPrice" type="Label" parent="drawer"]
margin_left = 1.0
margin_top = -7.0
margin_right = 15.0
margin_bottom = 1.0
custom_fonts/font = SubResource( 13 )
text = "50"

[node name="autoPrice" type="Label" parent="drawer"]
margin_left = 1.0
margin_top = 8.0
margin_right = 8.0
margin_bottom = 16.0
custom_fonts/font = SubResource( 14 )
text = "0"

[node name="autoMultiplier" type="Label" parent="drawer"]
margin_left = 1.0
margin_top = 22.0
margin_right = 8.0
margin_bottom = 30.0
custom_fonts/font = SubResource( 15 )
text = "0"
script = ExtResource( 16 )

[node name="toggleDrawer" type="TextureButton" parent="drawer"]
margin_left = -7.0
margin_top = -21.0
margin_right = 7.0
margin_bottom = -13.0

[node name="AnimationPlayer" type="AnimationPlayer" parent="drawer"]
anims/closeDrawer = SubResource( 16 )
anims/openDrawer = SubResource( 17 )

[node name="ConfirmPopup" type="Node2D" parent="."]
visible = false
position = Vector2( 32, 52 )
script = ExtResource( 17 )

[node name="background" type="Sprite" parent="ConfirmPopup"]
texture = ExtResource( 18 )

[node name="Confirm" type="TextureButton" parent="ConfirmPopup"]
margin_left = -25.0
margin_top = 8.0
margin_right = -24.0
margin_bottom = 9.0
texture_normal = SubResource( 18 )
texture_pressed = SubResource( 19 )

[node name="Cancel" type="TextureButton" parent="ConfirmPopup"]
margin_left = 2.0
margin_top = 8.0
margin_right = 3.0
margin_bottom = 9.0
texture_normal = SubResource( 20 )
texture_pressed = SubResource( 21 )

[node name="Label" type="Label" parent="ConfirmPopup"]
margin_left = -27.0
margin_top = -10.0
margin_right = 27.0
margin_bottom = 2.0
custom_fonts/font = SubResource( 22 )
text = "R u sure?"
align = 1
valign = 1

[node name="Button" type="Button" parent="."]
margin_right = 12.0
margin_bottom = 22.0
script = ExtResource( 20 )

[node name="currentMultiplier" type="Label" parent="."]
margin_top = 30.0
margin_right = 64.0
margin_bottom = 38.0
custom_fonts/font = SubResource( 23 )
text = "1x"
align = 1
script = ExtResource( 21 )
[connection signal="input_event" from="Snack" to="Snack" method="_on_Snack_input_event"]
[connection signal="pressed" from="drawer/upgradeClick" to="drawer/upgradeClick" method="_on_upgradeClick_pressed"]
[connection signal="pressed" from="drawer/upgradeAutoClick" to="drawer/upgradeAutoClick" method="_on_upgradeAutoClick_pressed"]
[connection signal="pressed" from="drawer/resetButton" to="drawer/resetButton" method="_on_resetButton_pressed"]
[connection signal="pressed" from="drawer/toggleDrawer" to="drawer" method="_on_TextureButton_pressed"]
[connection signal="pressed" from="ConfirmPopup/Confirm" to="ConfirmPopup" method="_on_Confirm_pressed"]
[connection signal="pressed" from="ConfirmPopup/Cancel" to="ConfirmPopup" method="_on_Cancel_pressed"]
[connection signal="pressed" from="Button" to="Button" method="_on_Button_pressed"]
